@thesis{suleymanov57,
  title = {Grammatičeskij očerk andijskogo jazyka. Na materiale govora s. {R}ikvani [{A} sketch of the grammar of {A}ndi. {B}ased on material from the dialect of the village {R}ikvani]},
  author={Sulejmanov, Ja. G.},
  year = {1957},
  address={Moscow},
  school={Institut jazykoznanija akademij nauk sojuza SSR}
}

@book{salimov10,
  title={Gagatlinskij govor andijskogo jazyka [The {G}agatli dialect of {A}ndi]},
  author={Salimov, H. S.},
  year={2010},
  address={Makhachkala},
  publisher={IJaLI}
}

@book{aglarov02,
  title={Andijcy: {I}storiko-etnografičeskoe issledovanie [{T}he {A}ndi people: a historical and ethnographic study]},
  author={Aglarov, Mamajhan Aglarovič},
  year={2002},
  address={Makhachkala},
  publisher={Jupiter}
}

@incollection{alekseev99,
  title={Andijskie jazyki},
  booktitle={Jazyki mira. Kavkazskie jazyki},
  author={Alekseev, M. E.},
  editor={Alekseev, M. E. and Starostin, S. A. and Klimov, G. A. and Testelets, J. G.},
  year={1999},
  publisher={Moskva},
  pages= {220--228}
}


@Manual{moroz2017,
    title = {lingtypology: easy mapping for Linguistic Typology},
    author = {George Moroz},
    year = {2017},
    url = {https://CRAN.R-project.org/package=lingtypology},
  }

@book{kibrik1988,
  title={Sopostavitelnoye izucheniye dagestanskikh yazykov [Comparative study of Daghestanian languages]},
  author={Kibrik, A. E. and Kodzasov, S. V},
  year={1988},
  address = {Moscow},
  publisher={Moscow State University}
}

@book{tsertsvadze65,
    title={Andiuri Ena},
    author={Tsertsvadze, I. I.},
    publisher={Tbilisi: Metsniereba},
    year={1965}
}

@incollection{kayefurth,
  title = {Andi (Zilo dialect)},
  author={Steven Kaye and George Moroz and Neige Rochant and Samira Verhees and Aigul Zakirova},
  booktitle={The Caucasian Languages. An International Handbook.},
  editor={Yu. Lander and T. Maisak and Yu. Koryakov},
  address={Berlin/New York},
  publisher={De Gruyter Mouton},
  year={forth}
}


@misk{buntyakova22,
  title = {Sozdanie morfologičeskogo parsera dla andijskogo jazyka v sisteme lexd i twol [Morphological Parser of Andi in lexd and twol]},
  author={Buntyakova, V. A.},
  year = {2022},
  note={Term paper}
}